{
  "quoteResponse": {
    "result": [
      26,
      "items",
      0:
      {
        79 "items",
        "language": "en-US",
        "region": "US",
        "quoteType": "EQUITY",
        "quoteSourceName": "Free Realtime Quote",
        "triggerable": true,
        "quoteSummary": { "..." },
        1 "item",
        "currency": "INR",
        "components": [ "..." ],
        1 "item",
        "heldPercentInsiders": 37.813,
        "heldPercentInstitutions": 36.463,
        "regularMarketChange": -11.349976,
        "regularMarketChangePercent": -0.77574843,
        "regularMarketTime": 1629964978,
        "regularMarketPrice": 1451.75,
        "regularMarketDayHigh": 1466.75,
        "regularMarketDayRange": "1444.0 - 1466.75",
        "regularMarketDayLow": 1444,
        "regularMarketVolume": 1263906,
        "regularMarketPreviousClose": 1463.1,
        "bid": 1452.4,
        "ask": 1451.75,
        "bidSize": 0,
        "askSize": 0,
        "exchange": "NSI",
        "market": "in_market",
        "messageBoardId": "finmb_9406148",
        "fullExchangeName": "NSE",
        "shortName": "TECH MAHINDRA",
        "longName": "Tech Mahindra Limited",
        "regularMarketOpen": 1459.8,
        "averageDailyVolume3Month": 3601607,
        "averageDailyVolume10Day": 4550116,
        "beta": 0.50442,
        "fiftyTwoWeekLowChange": 729.05,
        "fiftyTwoWeekLowChangePercent": 1.0087864,
        "fiftyTwoWeekRange": "722.7 - 1467.0",
        "fiftyTwoWeekHighChange": -15.25,
        "fiftyTwoWeekHighChangePercent": -0.010395365,
        "fiftyTwoWeekLow": 722.7,
        "fiftyTwoWeekHigh": 1467,
        "exDividendDate": 1627257600,
        "earningsTimestamp": 1627554600,
        "earningsTimestampStart": 1634812200,
        "earningsTimestampEnd": 1635157800,
        "trailingAnnualDividendRate": 15,
        "trailingPE": 26.671383,
        "dividendsPerShare": 20,
        "dividendRate": 15,
        "trailingAnnualDividendYield": 0.010252205,
        "dividendYield": 1.03,
        "revenue": 389463998000,
        "priceToSales": 3.614722,
        "marketState": "REGULAR",
        "epsTrailingTwelveMonths": 54.431,
        "epsForward": 53.62,
        "sharesOutstanding": 969363968,
        "bookValue": 284.51,
        "fiftyDayAverage": 1215.9985,
        "fiftyDayAverageChange": 235.75146,
        "fiftyDayAverageChangePercent": 0.19387479,
        "twoHundredDayAverage": 1056.7117,
        "twoHundredDayAverageChange": 395.03833,
        "twoHundredDayAverageChangePercent": 0.37383738,
        "marketCap": 1407804112896,
        "forwardPE": 27.074785,
        "priceToBook": 5.1026325,
        "sourceInterval": 15,
        "exchangeDataDelayedBy": 15,
        "exchangeTimezoneName": "Asia/Kolkata",
        "exchangeTimezoneShortName": "IST",
        "gmtOffSetMilliseconds": 19800000,
        "esgPopulated": false,
        "tradeable": false,
        "firstTradeDateMilliseconds": 1156736700000,
        "priceHint": 2,
        "totalCash": 124159001000,
        "floatShares": 507342175,
        "ebitda": 70146252800,
        "symbol": "TECHM.NS"
      },
      1,
      :,
      {
        79 "items",
        "language": "en-US",
        "region": "US",
        "quoteType": "EQUITY",
        "quoteSourceName": "Free Realtime Quote",
        "triggerable": true,
        "quoteSummary": { "..." },
        1 "item",
        "currency": "INR",
        "components": [ "..." ],
        1 "item",
        "heldPercentInsiders": 56.375,
        "heldPercentInstitutions": 25.019,
        "regularMarketChange": -97.450195,
        "regularMarketChangePercent": -1.4519991,
        "regularMarketTime": 1629964979,
        "regularMarketPrice": 6614,
        "regularMarketDayHigh": 6701.35,
        "regularMarketDayRange": "6601.0 - 6701.35",
        "regularMarketDayLow": 6601,
        "regularMarketVolume": 684616,
        "regularMarketPreviousClose": 6711.45,
        "bid": 6616,
        "ask": 6614,
        "bidSize": 0,
        "askSize": 0,
        "exchange": "NSI",
        "market": "in_market",
        "messageBoardId": "finmb_4863668",
        "fullExchangeName": "NSE",
        "shortName": "MARUTI SUZUKI IND",
        "longName": "Maruti Suzuki India Limited",
        "regularMarketOpen": 6700,
        "averageDailyVolume3Month": 573460,
        "averageDailyVolume10Day": 629984,
        "beta": 1.016799,
        "fiftyTwoWeekLowChange": 343.8501,
        "fiftyTwoWeekLowChangePercent": 0.054839216,
        "fiftyTwoWeekRange": "6270.15 - 8329.0",
        "fiftyTwoWeekHighChange": -1715,
        "fiftyTwoWeekHighChangePercent": -0.20590708,
        "fiftyTwoWeekLow": 6270.15,
        "fiftyTwoWeekHigh": 8329,
        "exDividendDate": 1628121600,
        "earningsTimestamp": 1627469940,
        "earningsTimestampStart": 1635332340,
        "earningsTimestampEnd": 1635768000,
        "trailingAnnualDividendRate": 45,
        "trailingPE": 38.989365,
        "dividendsPerShare": 60,
        "dividendRate": 45,
        "trailingAnnualDividendYield": 0.006704959,
        "dividendYield": 0.66,
        "revenue": 840378020000,
        "priceToSales": 2.3774505,
        "marketState": "REGULAR",
        "epsTrailingTwelveMonths": 169.636,
        "epsForward": 340.04,
        "sharesOutstanding": 302080000,
        "bookValue": 1738.176,
        "fiftyDayAverage": 7127.147,
        "fiftyDayAverageChange": -513.147,
        "fiftyDayAverageChangePercent": -0.07199893,
        "twoHundredDayAverage": 7061.503,
        "twoHundredDayAverageChange": -447.50293,
        "twoHundredDayAverageChangePercent": -0.063372195,
        "marketCap": 1997957103616,
        "forwardPE": 19.450653,
        "priceToBook": 3.805138,
        "sourceInterval": 15,
        "exchangeDataDelayedBy": 15,
        "exchangeTimezoneName": "Asia/Kolkata",
        "exchangeTimezoneShortName": "IST",
        "gmtOffSetMilliseconds": 19800000,
        "esgPopulated": false,
        "tradeable": false,
        "firstTradeDateMilliseconds": 1057722300000,
        "priceHint": 2,
        "totalCash": 121055003000,
        "floatShares": 129467716,
        "ebitda": 69575999488,
        "symbol": "MARUTI.NS"
      },
      2,
      :,
      {
        79 "items",
        "language": "en-US",
        "region": "US",
        "quoteType": "EQUITY",
        "quoteSourceName": "Free Realtime Quote",
        "triggerable": true,
        "quoteSummary": { "..." },
        1 "item",
        "currency": "INR",
        "components": [ "..." ],
        1 "item",
        "heldPercentInsiders": 70.705,
        "heldPercentInstitutions": 22.074,
        "regularMarketChange": -0.55000305,
        "regularMarketChangePercent": -0.4755755,
        "regularMarketTime": 1629964977,
        "regularMarketPrice": 115.1,
        "regularMarketDayHigh": 116.25,
        "regularMarketDayRange": "114.4 - 116.25",
        "regularMarketDayLow": 114.4,
        "regularMarketVolume": 6234166,
        "regularMarketPreviousClose": 115.65,
        "bid": 114.95,
        "ask": 115.1,
        "bidSize": 0,
        "askSize": 0,
        "exchange": "NSI",
        "market": "in_market",
        "messageBoardId": "finmb_882940",
        "fullExchangeName": "NSE",
        "shortName": "OIL & NATURAL GAS",
        "longName": "Oil and Natural Gas Corporation Limited",
        "regularMarketOpen": 115.6,
        "averageDailyVolume3Month": 20475234,
        "averageDailyVolume10Day": 16500774,
        "beta": 1.059681,
        "fiftyTwoWeekLowChange": 51,
        "fiftyTwoWeekLowChangePercent": 0.7956318,
        "fiftyTwoWeekRange": "64.1 - 128.5",
        "fiftyTwoWeekHighChange": -13.400002,
        "fiftyTwoWeekHighChangePercent": -0.10428017,
        "fiftyTwoWeekLow": 64.1,
        "fiftyTwoWeekHigh": 128.5,
        "exDividendDate": 1613520000,
        "earningsTimestamp": 1628850600,
        "earningsTimestampStart": 1636626600,
        "earningsTimestampEnd": 1636972200,
        "trailingAnnualDividendRate": 3.6,
        "trailingPE": 6.5053973,
        "dividendsPerShare": 1.75,
        "dividendRate": 6.75,
        "trailingAnnualDividendYield": 0.031128403,
        "dividendYield": 5.96,
        "revenue": 4062118670000,
        "priceToSales": 0.3564624,
        "marketState": "REGULAR",
        "epsTrailingTwelveMonths": 17.693,
        "epsForward": 22.94,
        "sharesOutstanding": 12580299776,
        "bookValue": 175.767,
        "fiftyDayAverage": 115.67,
        "fiftyDayAverageChange": -0.5699997,
        "fiftyDayAverageChangePercent": -0.0049278094,
        "twoHundredDayAverage": 112.68275,
        "twoHundredDayAverageChange": 2.4172516,
        "twoHundredDayAverageChangePercent": 0.021451835,
        "marketCap": 1447992492032,
        "forwardPE": 5.0174365,
        "priceToBook": 0.6548442,
        "sourceInterval": 15,
        "exchangeDataDelayedBy": 15,
        "exchangeTimezoneName": "Asia/Kolkata",
        "exchangeTimezoneShortName": "IST",
        "gmtOffSetMilliseconds": 19800000,
        "esgPopulated": false,
        "tradeable": false,
        "firstTradeDateMilliseconds": 820467900000,
        "priceHint": 2,
        "totalCash": 191719997000,
        "floatShares": 3682382264,
        "ebitda": 621673578496,
        "symbol": "ONGC.NS"
      },
      3,
      :,
      {
        75 "items",
        "language": "en-US",
        "region": "US",
        "quoteType": "EQUITY",
        "quoteSourceName": "Free Realtime Quote",
        "triggerable": true,
        "quoteSummary": { "..." },
        1 "item",
        "currency": "INR",
        "components": [ "..." ],
        1 "item",
        "heldPercentInsiders": 2.043,
        "heldPercentInstitutions": 49.503,
        "regularMarketChange": 6.3500366,
        "regularMarketChangePercent": 0.91889685,
        "regularMarketTime": 1629964979,
        "regularMarketPrice": 697.4,
        "regularMarketDayHigh": 699.5,
        "regularMarketDayRange": "690.0 - 699.5",
        "regularMarketDayLow": 690,
        "regularMarketVolume": 5694765,
        "regularMarketPreviousClose": 691.05,
        "bid": 697.85,
        "ask": 697.6,
        "bidSize": 0,
        "askSize": 0,
        "exchange": "NSI",
        "market": "in_market",
        "messageBoardId": "finmb_411168",
        "fullExchangeName": "NSE",
        "shortName": "ICICI BANK",
        "longName": "ICICI Bank Limited",
        "regularMarketOpen": 692.05,
        "averageDailyVolume3Month": 12699278,
        "averageDailyVolume10Day": 10253406,
        "beta": 0.9832,
        "fiftyTwoWeekLowChange": 363.65002,
        "fiftyTwoWeekLowChangePercent": 1.089588,
        "fiftyTwoWeekRange": "333.75 - 717.4",
        "fiftyTwoWeekHighChange": -20,
        "fiftyTwoWeekHighChangePercent": -0.027878448,
        "fiftyTwoWeekLow": 333.75,
        "fiftyTwoWeekHigh": 717.4,
        "exDividendDate": 1627516800,
        "trailingAnnualDividendRate": 2,
        "trailingPE": 24.322535,
        "dividendsPerShare": 0,
        "dividendRate": 2,
        "trailingAnnualDividendYield": 0.0028941466,
        "dividendYield": 0.29,
        "revenue": 1035879320000,
        "priceToSales": 4.6658063,
        "marketState": "REGULAR",
        "epsTrailingTwelveMonths": 28.673,
        "epsForward": 23.64,
        "sharesOutstanding": 6930330112,
        "bookValue": 234.933,
        "fiftyDayAverage": 678.50287,
        "fiftyDayAverageChange": 18.897156,
        "fiftyDayAverageChangePercent": 0.027851254,
        "twoHundredDayAverage": 629.91833,
        "twoHundredDayAverageChange": 67.48169,
        "twoHundredDayAverageChangePercent": 0.10712768,
        "marketCap": 4833212366848,
        "forwardPE": 29.500849,
        "priceToBook": 2.968506,
        "sourceInterval": 15,
        "exchangeDataDelayedBy": 15,
        "exchangeTimezoneName": "Asia/Kolkata",
        "exchangeTimezoneShortName": "IST",
        "gmtOffSetMilliseconds": 19800000,
        "esgPopulated": false,
        "tradeable": false,
        "firstTradeDateMilliseconds": 1025495100000,
        "priceHint": 2,
        "totalCash": 420761895000,
        "floatShares": 6885489109,
        "symbol": "ICICIBANK.NS"
      },
      4,
      :,
      {
        85 "items",
        "language": "en-US",
        "region": "US",
        "quoteType": "EQUITY",
        "quoteSourceName": "Free Realtime Quote",
        "triggerable": true,
        "quoteSummary": { "..." },
        1 "item",
        "currency": "INR",
        "components": [ "..." ],
        1 "item",
        "heldPercentInsiders": 73.508,
        "heldPercentInstitutions": 13.535,
        "regularMarketChange": -1.4500122,
        "regularMarketChangePercent": -0.22955944,
        "regularMarketTime": 1629964978,
        "regularMarketPrice": 630.2,
        "regularMarketDayHigh": 638.5,
        "regularMarketDayRange": "628.5 - 638.5",
        "regularMarketDayLow": 628.5,
        "regularMarketVolume": 2795437,
        "regularMarketPreviousClose": 631.65,
        "bid": 630.2,
        "ask": 630.5,
        "bidSize": 0,
        "askSize": 0,
        "exchange": "NSI",
        "market": "in_market",
        "messageBoardId": "finmb_598611",
        "fullExchangeName": "NSE",
        "shortName": "WIPRO LTD",
        "longName": "Wipro Limited",
        "regularMarketOpen": 632.2,
        "averageDailyVolume3Month": 7724142,
        "averageDailyVolume10Day": 6668260,
        "beta": 0.616268,
        "fiftyTwoWeekLowChange": 362.2,
        "fiftyTwoWeekLowChangePercent": 1.3514925,
        "fiftyTwoWeekRange": "268.0 - 639.2",
        "fiftyTwoWeekHighChange": -9,
        "fiftyTwoWeekHighChangePercent": -0.0140801,
        "fiftyTwoWeekLow": 268,
        "fiftyTwoWeekHigh": 639.2,
        "exDividendDate": 1611273600,
        "trailingAnnualDividendRate": 1,
        "trailingPE": 30.350607,
        "pegRatio": 2.16,
        "dividendsPerShare": 1,
        "dividendRate": 1,
        "trailingAnnualDividendYield": 0.0015831551,
        "dividendYield": 0.16,
        "revenue": 652822970000,
        "priceToSales": 5.2713876,
        "marketState": "REGULAR",
        "epsTrailingTwelveMonths": 20.764,
        "epsForward": 19.55,
        "epsCurrentYear": 17.94,
        "epsNextQuarter": 4.69,
        "priceEpsCurrentYear": 35.128204,
        "priceEpsNextQuarter": 134.371,
        "sharesOutstanding": 5460619776,
        "bookValue": 107.987,
        "fiftyDayAverage": 588.58856,
        "fiftyDayAverageChange": 41.61145,
        "fiftyDayAverageChangePercent": 0.07069701,
        "twoHundredDayAverage": 504.6859,
        "twoHundredDayAverageChange": 125.5141,
        "twoHundredDayAverageChangePercent": 0.24869744,
        "marketCap": 3441282777088,
        "forwardPE": 32.235294,
        "priceToBook": 5.835888,
        "sourceInterval": 15,
        "exchangeDataDelayedBy": 15,
        "exchangeTimezoneName": "Asia/Kolkata",
        "exchangeTimezoneShortName": "IST",
        "gmtOffSetMilliseconds": 19800000,
        "esgPopulated": false,
        "tradeable": false,
        "firstTradeDateMilliseconds": 820467900000,
        "priceHint": 2,
        "totalCash": 307741000000,
        "floatShares": 1403188316,
        "ebitda": 150041001984,
        "targetPriceHigh": 365,
        "targetPriceLow": 200,
        "targetPriceMean": 290.68,
        "targetPriceMedian": 290,
        "symbol": "WIPRO.NS"
      },
      5,
      :,
      {
        75 "items",
        "language": "en-US",
        "region": "US",
        "quoteType": "EQUITY",
        "quoteSourceName": "Free Realtime Quote",
        "triggerable": true,
        "quoteSummary": { "..." },
        1 "item",
        "currency": "INR",
        "heldPercentInsiders": 59.689,
        "heldPercentInstitutions": 21.108,
        "regularMarketChange": -37.350098,
        "regularMarketChangePercent": -0.50593776,
        "regularMarketTime": 1629964972,
        "regularMarketPrice": 7345,
        "regularMarketDayHigh": 7418.9,
        "regularMarketDayRange": "7311.7 - 7418.9",
        "regularMarketDayLow": 7311.7,
        "regularMarketVolume": 95739,
        "regularMarketPreviousClose": 7382.35,
        "bid": 7346,
        "ask": 7346.05,
        "bidSize": 0,
        "askSize": 0,
        "exchange": "NSI",
        "market": "in_market",
        "messageBoardId": "finmb_13192517",
        "fullExchangeName": "NSE",
        "shortName": "ULTRATECH CEMENT",
        "longName": "UltraTech Cement Limited",
        "regularMarketOpen": 7365,
        "averageDailyVolume3Month": 364342,
        "averageDailyVolume10Day": 327393,
        "beta": 0.59328,
        "fiftyTwoWeekLowChange": 3591.1,
        "fiftyTwoWeekLowChangePercent": 0.95663184,
        "fiftyTwoWeekRange": "3753.9 - 7911.0",
        "fiftyTwoWeekHighChange": -566,
        "fiftyTwoWeekHighChangePercent": -0.07154595,
        "fiftyTwoWeekLow": 3753.9,
        "fiftyTwoWeekHigh": 7911,
        "exDividendDate": 1627862400,
        "trailingAnnualDividendRate": 37,
        "trailingPE": 33.2663,
        "dividendsPerShare": 13,
        "dividendRate": 37,
        "trailingAnnualDividendYield": 0.0050119543,
        "dividendYield": 0.5,
        "revenue": 488845902000,
        "priceToSales": 4.3339996,
        "marketState": "REGULAR",
        "epsTrailingTwelveMonths": 220.794,
        "epsForward": 137.04,
        "sharesOutstanding": 288448992,
        "bookValue": 1531.356,
        "fiftyDayAverage": 7426.3315,
        "fiftyDayAverageChange": -81.33154,
        "fiftyDayAverageChangePercent": -0.010951779,
        "twoHundredDayAverage": 6790.8125,
        "twoHundredDayAverageChange": 554.1875,
        "twoHundredDayAverageChangePercent": 0.08160842,
        "marketCap": 2118657900544,
        "forwardPE": 53.597492,
        "priceToBook": 4.796403,
        "sourceInterval": 15,
        "exchangeDataDelayedBy": 15,
        "exchangeTimezoneName": "Asia/Kolkata",
        "exchangeTimezoneShortName": "IST",
        "gmtOffSetMilliseconds": 19800000,
        "esgPopulated": false,
        "tradeable": false,
        "firstTradeDateMilliseconds": 1029123900000,
        "priceHint": 2,
        "totalCash": 148010697000,
        "floatShares": 113402889,
        "ebitda": 128319447040,
        "symbol": "ULTRACEMCO.NS"
      },
      6,
      :,
      {
        87 "items",
        "language": "en-US",
        "region": "US",
        "quoteType": "EQUITY",
        "quoteSourceName": "Free Realtime Quote",
        "triggerable": true,
        "quoteSummary": { "..." },
        1 "item",
        "currency": "INR",
        "heldPercentInsiders": 58.107,
        "heldPercentInstitutions": 19.487,
        "regularMarketChange": -7.75,
        "regularMarketChangePercent": -0.42520505,
        "regularMarketTime": 1629964977,
        "regularMarketPrice": 1814.9,
        "regularMarketDayHigh": 1834.6,
        "regularMarketDayRange": "1807.55 - 1834.6",
        "regularMarketDayLow": 1807.55,
        "regularMarketVolume": 668873,
        "regularMarketPreviousClose": 1822.65,
        "bid": 1814.05,
        "ask": 1815.45,
        "bidSize": 0,
        "askSize": 0,
        "exchange": "NSI",
        "market": "in_market",
        "messageBoardId": "finmb_708276",
        "fullExchangeName": "NSE",
        "shortName": "TITAN COMPANY LTD",
        "longName": "Titan Company Limited",
        "regularMarketOpen": 1822.65,
        "averageDailyVolume3Month": 1497008,
        "averageDailyVolume10Day": 1095694,
        "beta": 0.859416,
        "fiftyTwoWeekLowChange": 738.9,
        "fiftyTwoWeekLowChangePercent": 0.68671006,
        "fiftyTwoWeekRange": "1076.0 - 1895.0",
        "fiftyTwoWeekHighChange": -80.099976,
        "fiftyTwoWeekHighChangePercent": -0.042269118,
        "fiftyTwoWeekLow": 1076,
        "fiftyTwoWeekHigh": 1895,
        "exDividendDate": 1626912000,
        "earningsTimestamp": 1565089140,
        "earningsTimestampStart": 1557140340,
        "earningsTimestampEnd": 1557489600,
        "trailingAnnualDividendRate": 4,
        "trailingPE": 123.33673,
        "pegRatio": 1.96,
        "dividendsPerShare": 4,
        "dividendRate": 4,
        "trailingAnnualDividendYield": 0.0021946067,
        "dividendYield": 0.21,
        "revenue": 231379993000,
        "priceToSales": 6.963622,
        "marketState": "REGULAR",
        "epsTrailingTwelveMonths": 14.715,
        "epsForward": 16.09,
        "epsCurrentYear": 12.84,
        "epsNextQuarter": 3.74,
        "priceEpsCurrentYear": 141.34735,
        "priceEpsNextQuarter": 485.2674,
        "sharesOutstanding": 887785984,
        "bookValue": 84.446,
        "fiftyDayAverage": 1769.0629,
        "fiftyDayAverageChange": 45.83716,
        "fiftyDayAverageChangePercent": 0.025910418,
        "twoHundredDayAverage": 1604.2123,
        "twoHundredDayAverageChange": 210.68774,
        "twoHundredDayAverageChangePercent": 0.13133408,
        "marketCap": 1611242799104,
        "forwardPE": 112.79677,
        "priceToBook": 21.491842,
        "sourceInterval": 15,
        "exchangeDataDelayedBy": 15,
        "exchangeTimezoneName": "Asia/Kolkata",
        "exchangeTimezoneShortName": "IST",
        "gmtOffSetMilliseconds": 19800000,
        "esgPopulated": false,
        "tradeable": false,
        "firstTradeDateMilliseconds": 820467900000,
        "priceHint": 2,
        "totalCash": 30300000300,
        "floatShares": 369274653,
        "ebitda": 19440001024,
        "targetPriceHigh": 1100,
        "targetPriceLow": 520,
        "targetPriceMean": 883.81,
        "targetPriceMedian": 900,
        "symbol": "TITAN.NS"
      },
      7,
      :,
      {
        79 "items",
        "language": "en-US",
        "region": "US",
        "quoteType": "EQUITY",
        "quoteSourceName": "Free Realtime Quote",
        "triggerable": true,
        "quoteSummary": { "..." },
        1 "item",
        "currency": "INR",
        "components": [ "..." ],
        1 "item",
        "heldPercentInsiders": 51.104,
        "heldPercentInstitutions": 40.749,
        "regularMarketChange": -1.3499985,
        "regularMarketChangePercent": -1.1842091,
        "regularMarketTime": 1629964973,
        "regularMarketPrice": 112.65,
        "regularMarketDayHigh": 114.5,
        "regularMarketDayRange": "111.95 - 114.5",
        "regularMarketDayLow": 111.95,
        "regularMarketVolume": 6445607,
        "regularMarketPreviousClose": 114,
        "bid": 112.65,
        "ask": 112.7,
        "bidSize": 0,
        "askSize": 0,
        "exchange": "NSI",
        "market": "in_market",
        "messageBoardId": "finmb_9673133",
        "fullExchangeName": "NSE",
        "shortName": "NTPC LTD",
        "longName": "NTPC Limited",
        "regularMarketOpen": 114.1,
        "averageDailyVolume3Month": 15219180,
        "averageDailyVolume10Day": 9438728,
        "beta": 0.416003,
        "fiftyTwoWeekLowChange": 34.550003,
        "fiftyTwoWeekLowChangePercent": 0.44238162,
        "fiftyTwoWeekRange": "78.1 - 122.0",
        "fiftyTwoWeekHighChange": -9.349998,
        "fiftyTwoWeekHighChangePercent": -0.07663933,
        "fiftyTwoWeekLow": 78.1,
        "fiftyTwoWeekHigh": 122,
        "exDividendDate": 1631059200,
        "earningsTimestamp": 1627729140,
        "earningsTimestampStart": 1635764340,
        "earningsTimestampEnd": 1636113600,
        "trailingAnnualDividendRate": 6.15,
        "trailingPE": 7.276662,
        "dividendsPerShare": 5.65,
        "dividendRate": 6.15,
        "trailingAnnualDividendYield": 0.05394737,
        "dividendYield": 5.4,
        "revenue": 1152244120000,
        "priceToSales": 0.94841766,
        "marketState": "REGULAR",
        "epsTrailingTwelveMonths": 15.481,
        "epsForward": 15.64,
        "sharesOutstanding": 9696669696,
        "bookValue": 129.565,
        "fiftyDayAverage": 117.72,
        "fiftyDayAverageChange": -5.0699997,
        "fiftyDayAverageChangePercent": -0.043068293,
        "twoHundredDayAverage": 110.705284,
        "twoHundredDayAverageChange": 1.9447174,
        "twoHundredDayAverageChangePercent": 0.017566618,
        "marketCap": 1092808671232,
        "forwardPE": 7.2026854,
        "priceToBook": 0.86944777,
        "sourceInterval": 15,
        "exchangeDataDelayedBy": 15,
        "exchangeTimezoneName": "Asia/Kolkata",
        "exchangeTimezoneShortName": "IST",
        "gmtOffSetMilliseconds": 19800000,
        "esgPopulated": false,
        "tradeable": false,
        "firstTradeDateMilliseconds": 1099626300000,
        "priceHint": 2,
        "totalCash": 198790496000,
        "floatShares": 4730631920,
        "ebitda": 342258548736,
        "symbol": "NTPC.NS"
      },
      8,
      :,
      {
        79 "items",
        "language": "en-US",
        "region": "US",
        "quoteType": "EQUITY",
        "quoteSourceName": "Free Realtime Quote",
        "triggerable": true,
        "quoteSummary": { "..." },
        1 "item",
        "currency": "INR",
        "components": [ "..." ],
        1 "item",
        "heldPercentInsiders": 72.203,
        "heldPercentInstitutions": 16.399,
        "regularMarketChange": -5,
        "regularMarketChangePercent": -0.13664936,
        "regularMarketTime": 1629964977,
        "regularMarketPrice": 3654,
        "regularMarketDayHigh": 3687.6,
        "regularMarketDayRange": "3647.9 - 3687.6",
        "regularMarketDayLow": 3647.9,
        "regularMarketVolume": 1255815,
        "regularMarketPreviousClose": 3659,
        "bid": 3652.8,
        "ask": 3654.35,
        "bidSize": 0,
        "askSize": 0,
        "exchange": "NSI",
        "market": "in_market",
        "messageBoardId": "finmb_6411769",
        "fullExchangeName": "NSE",
        "shortName": "TATA CONSULTANCY S",
        "longName": "Tata Consultancy Services Limited",
        "regularMarketOpen": 3660,
        "averageDailyVolume3Month": 2288826,
        "averageDailyVolume10Day": 3023713,
        "beta": 0.650309,
        "fiftyTwoWeekLowChange": 1426,
        "fiftyTwoWeekLowChangePercent": 0.6400359,
        "fiftyTwoWeekRange": "2228.0 - 3687.6",
        "fiftyTwoWeekHighChange": -33.600098,
        "fiftyTwoWeekHighChangePercent": -0.009111644,
        "fiftyTwoWeekLow": 2228,
        "fiftyTwoWeekHigh": 3687.6,
        "exDividendDate": 1626307200,
        "earningsTimestamp": 1633689000,
        "earningsTimestampStart": 1633689000,
        "earningsTimestampEnd": 1633689000,
        "trailingAnnualDividendRate": 40,
        "trailingPE": 39.551876,
        "dividendsPerShare": 33,
        "dividendRate": 40,
        "trailingAnnualDividendYield": 0.010931948,
        "dividendYield": 1.11,
        "revenue": 1712660020000,
        "priceToSales": 7.892009,
        "marketState": "REGULAR",
        "epsTrailingTwelveMonths": 92.385,
        "epsForward": 94.86,
        "sharesOutstanding": 3699049984,
        "bookValue": 243.476,
        "fiftyDayAverage": 3309.9043,
        "fiftyDayAverageChange": 344.0957,
        "fiftyDayAverageChangePercent": 0.10395941,
        "twoHundredDayAverage": 3187.027,
        "twoHundredDayAverageChange": 466.9729,
        "twoHundredDayAverageChangePercent": 0.14652304,
        "marketCap": 13516328140800,
        "forwardPE": 38.519924,
        "priceToBook": 15.00764,
        "sourceInterval": 15,
        "exchangeDataDelayedBy": 15,
        "exchangeTimezoneName": "Asia/Kolkata",
        "exchangeTimezoneShortName": "IST",
        "gmtOffSetMilliseconds": 19800000,
        "esgPopulated": false,
        "tradeable": false,
        "firstTradeDateMilliseconds": 1029123900000,
        "priceHint": 2,
        "totalCash": 423680016000,
        "floatShares": 1013059200,
        "ebitda": 476859990016,
        "symbol": "TCS.NS"
      },
      9,
      :,
      {
        83 "items",
        "language": "en-US",
        "region": "US",
        "quoteType": "EQUITY",
        "quoteSourceName": "Free Realtime Quote",
        "triggerable": true,
        "quoteSummary": { "..." },
        1 "item",
        "currency": "INR",
        "heldPercentInsiders": 30.858,
        "heldPercentInstitutions": 34.175,
        "regularMarketChange": 4.799988,
        "regularMarketChangePercent": 0.4773495,
        "regularMarketTime": 1629964976,
        "regularMarketPrice": 1010.35,
        "regularMarketDayHigh": 1011.9,
        "regularMarketDayRange": "1000.0 - 1011.9",
        "regularMarketDayLow": 1000,
        "regularMarketVolume": 1139445,
        "regularMarketPreviousClose": 1005.55,
        "bid": 1010.6,
        "ask": 1011.1,
        "bidSize": 0,
        "askSize": 0,
        "exchange": "NSI",
        "market": "in_market",
        "messageBoardId": "finmb_2985281",
        "fullExchangeName": "NSE",
        "shortName": "INDUSIND BANK LTD",
        "longName": "IndusInd Bank Limited",
        "regularMarketOpen": 1000,
        "averageDailyVolume3Month": 3626625,
        "averageDailyVolume10Day": 2574877,
        "beta": 1.94916,
        "fiftyTwoWeekLowChange": 525.35,
        "fiftyTwoWeekLowChangePercent": 1.0831958,
        "fiftyTwoWeekRange": "485.0 - 1119.5",
        "fiftyTwoWeekHighChange": -109.150024,
        "fiftyTwoWeekHighChangePercent": -0.09749891,
        "fiftyTwoWeekLow": 485,
        "fiftyTwoWeekHigh": 1119.5,
        "exDividendDate": 1629158400,
        "trailingAnnualDividendRate": 5,
        "trailingPE": 22.162144,
        "pegRatio": 0.94,
        "dividendsPerShare": 0,
        "dividendRate": 5,
        "trailingAnnualDividendYield": 0.0049724034,
        "dividendYield": 0.5,
        "revenue": 130232402000,
        "priceToSales": 6.004648,
        "marketState": "REGULAR",
        "epsTrailingTwelveMonths": 45.589,
        "epsForward": 96.58,
        "epsCurrentYear": 76.19,
        "epsNextQuarter": 18.73,
        "priceEpsCurrentYear": 13.260926,
        "priceEpsNextQuarter": 53.94287,
        "sharesOutstanding": 773988992,
        "bookValue": 568.756,
        "fiftyDayAverage": 1013.63715,
        "fiftyDayAverageChange": -3.2871704,
        "fiftyDayAverageChangePercent": -0.003242946,
        "twoHundredDayAverage": 990.84296,
        "twoHundredDayAverageChange": 19.507019,
        "twoHundredDayAverageChangePercent": 0.019687297,
        "marketCap": 781999734784,
        "forwardPE": 10.461275,
        "priceToBook": 1.7764208,
        "sourceInterval": 15,
        "exchangeDataDelayedBy": 15,
        "exchangeTimezoneName": "Asia/Kolkata",
        "exchangeTimezoneShortName": "IST",
        "gmtOffSetMilliseconds": 19800000,
        "esgPopulated": false,
        "tradeable": false,
        "firstTradeDateMilliseconds": 1025495100000,
        "priceHint": 2,
        "totalCash": 566098980000,
        "floatShares": 526706882,
        "targetPriceHigh": 2450,
        "targetPriceLow": 1325,
        "targetPriceMean": 2112.73,
        "targetPriceMedian": 2120,
        "symbol": "INDUSINDBK.NS"
      },
      10,
      :,
      {
        73 "items",
        "language": "en-US",
        "region": "US",
        "quoteType": "EQUITY",
        "quoteSourceName": "Free Realtime Quote",
        "triggerable": true,
        "quoteSummary": { "..." },
        1 "item",
        "currency": "INR",
        "heldPercentInsiders": 36.523,
        "heldPercentInstitutions": 30.604,
        "regularMarketChange": -12.0998535,
        "regularMarketChangePercent": -0.4525086,
        "regularMarketTime": 1629964974,
        "regularMarketPrice": 2661.85,
        "regularMarketDayHigh": 2680,
        "regularMarketDayRange": "2656.05 - 2680.0",
        "regularMarketDayLow": 2656.05,
        "regularMarketVolume": 238214,
        "regularMarketPreviousClose": 2673.95,
        "bid": 2661.2,
        "ask": 2661.85,
        "bidSize": 0,
        "askSize": 0,
        "exchange": "NSI",
        "market": "in_market",
        "messageBoardId": "finmb_881572",
        "fullExchangeName": "NSE",
        "shortName": "HERO MOTOCORP LTD",
        "longName": "Hero MotoCorp Limited",
        "regularMarketOpen": 2675,
        "averageDailyVolume3Month": 635217,
        "averageDailyVolume10Day": 670595,
        "beta": 0.770999,
        "fiftyTwoWeekLowChange": 9.850098,
        "fiftyTwoWeekLowChangePercent": 0.0037142148,
        "fiftyTwoWeekRange": "2652.0 - 3629.05",
        "fiftyTwoWeekHighChange": -967.19995,
        "fiftyTwoWeekHighChangePercent": -0.266516,
        "fiftyTwoWeekLow": 2652,
        "fiftyTwoWeekHigh": 3629.05,
        "exDividendDate": 1626912000,
        "trailingAnnualDividendRate": 90,
        "trailingPE": 17.07332,
        "dividendsPerShare": 90,
        "dividendRate": 90,
        "trailingAnnualDividendYield": 0.033658072,
        "dividendYield": 3.36,
        "revenue": 334929101000,
        "priceToSales": 1.5878634,
        "marketState": "REGULAR",
        "epsTrailingTwelveMonths": 155.907,
        "sharesOutstanding": 199794000,
        "bookValue": 771.669,
        "fiftyDayAverage": 2813.5044,
        "fiftyDayAverageChange": -151.6543,
        "fiftyDayAverageChangePercent": -0.05390228,
        "twoHundredDayAverage": 2994.52,
        "twoHundredDayAverageChange": -332.66992,
        "twoHundredDayAverageChangePercent": -0.1110929,
        "marketCap": 531821690880,
        "priceToBook": 3.4494712,
        "sourceInterval": 15,
        "exchangeDataDelayedBy": 15,
        "exchangeTimezoneName": "Asia/Kolkata",
        "exchangeTimezoneShortName": "IST",
        "gmtOffSetMilliseconds": 19800000,
        "esgPopulated": false,
        "tradeable": false,
        "firstTradeDateMilliseconds": 1025495100000,
        "priceHint": 2,
        "totalCash": 64999600000,
        "floatShares": 130168798,
        "ebitda": 44103475200,
        "symbol": "HEROMOTOCO.NS"
      },
      11,
      :,
      {
        73 "items",
        "language": "en-US",
        "region": "US",
        "quoteType": "EQUITY",
        "quoteSourceName": "Free Realtime Quote",
        "triggerable": true,
        "quoteSummary": { "..." },
        1 "item",
        "currency": "INR",
        "heldPercentInsiders": 55.99,
        "heldPercentInstitutions": 29.379,
        "regularMarketChange": -20.600037,
        "regularMarketChangePercent": -3.3635457,
        "regularMarketTime": 1629964978,
        "regularMarketPrice": 591.85,
        "regularMarketDayHigh": 611.5,
        "regularMarketDayRange": "589.5 - 611.5",
        "regularMarketDayLow": 589.5,
        "regularMarketVolume": 18653840,
        "regularMarketPreviousClose": 612.45,
        "bid": 591.75,
        "ask": 591.95,
        "bidSize": 0,
        "askSize": 0,
        "exchange": "NSI",
        "market": "in_market",
        "messageBoardId": "finmb_135466",
        "fullExchangeName": "NSE",
        "shortName": "BHARTI AIRTEL LTD",
        "longName": "Bharti Airtel Limited",
        "regularMarketOpen": 610,
        "averageDailyVolume3Month": 12070940,
        "averageDailyVolume10Day": 9881192,
        "beta": 0.538461,
        "fiftyTwoWeekLowChange": 197.84998,
        "fiftyTwoWeekLowChangePercent": 0.5021573,
        "fiftyTwoWeekRange": "394.0 - 644.0",
        "fiftyTwoWeekHighChange": -52.150024,
        "fiftyTwoWeekHighChangePercent": -0.0809783,
        "fiftyTwoWeekLow": 394,
        "fiftyTwoWeekHigh": 644,
        "exDividendDate": 1596672000,
        "trailingAnnualDividendRate": 0.04,
        "trailingPE": 284.95425,
        "dividendsPerShare": 2,
        "dividendRate": 2,
        "trailingAnnualDividendYield": 0.000065311455,
        "dividendYield": 0.35,
        "revenue": 1042139970000,
        "priceToSales": 3.1171083,
        "marketState": "REGULAR",
        "epsTrailingTwelveMonths": 2.077,
        "sharesOutstanding": 5488659968,
        "bookValue": 107.865,
        "fiftyDayAverage": 574.4386,
        "fiftyDayAverageChange": 17.411377,
        "fiftyDayAverageChangePercent": 0.030310249,
        "twoHundredDayAverage": 549.6134,
        "twoHundredDayAverageChange": 42.236572,
        "twoHundredDayAverageChangePercent": 0.076847784,
        "marketCap": 3248463282176,
        "priceToBook": 5.4869514,
        "sourceInterval": 15,
        "exchangeDataDelayedBy": 15,
        "exchangeTimezoneName": "Asia/Kolkata",
        "exchangeTimezoneShortName": "IST",
        "gmtOffSetMilliseconds": 19800000,
        "esgPopulated": false,
        "tradeable": false,
        "firstTradeDateMilliseconds": 1025495100000,
        "priceHint": 2,
        "totalCash": 327446004000,
        "floatShares": 2379945875,
        "ebitda": 486608994304,
        "symbol": "BHARTIARTL.NS"
      },
      12,
      :,
      {
        88 "items",
        "language": "en-US",
        "region": "US",
        "quoteType": "EQUITY",
        "quoteSourceName": "Free Realtime Quote",
        "triggerable": true,
        "quoteSummary": { "..." },
        1 "item",
        "currency": "INR",
        "components": [ "..." ],
        1 "item",
        "heldPercentInsiders": 13.99,
        "heldPercentInstitutions": 47.701,
        "regularMarketChange": -2.3500977,
        "regularMarketChangePercent": -0.14745247,
        "regularMarketTime": 1629964979,
        "regularMarketPrice": 1591.45,
        "regularMarketDayHigh": 1602.95,
        "regularMarketDayRange": "1585.0 - 1602.95",
        "regularMarketDayLow": 1585,
        "regularMarketVolume": 1082173,
        "regularMarketPreviousClose": 1593.8,
        "bid": 1591.45,
        "ask": 1592.2,
        "bidSize": 0,
        "askSize": 0,
        "exchange": "NSI",
        "market": "in_market",
        "messageBoardId": "finmb_874836",
        "fullExchangeName": "NSE",
        "shortName": "LARSEN & TOUBRO",
        "longName": "Larsen & Toubro Limited",
        "regularMarketOpen": 1593.8,
        "averageDailyVolume3Month": 2425293,
        "averageDailyVolume10Day": 1862177,
        "beta": 0.805481,
        "fiftyTwoWeekLowChange": 748.44995,
        "fiftyTwoWeekLowChangePercent": 0.887841,
        "fiftyTwoWeekRange": "843.0 - 1677.05",
        "fiftyTwoWeekHighChange": -85.6001,
        "fiftyTwoWeekHighChangePercent": -0.051042065,
        "fiftyTwoWeekLow": 843,
        "fiftyTwoWeekHigh": 1677.05,
        "exDividendDate": 1627430400,
        "earningsTimestamp": 1563893940,
        "earningsTimestampStart": 1571669940,
        "earningsTimestampEnd": 1572019200,
        "trailingAnnualDividendRate": 18,
        "trailingPE": 17.970505,
        "pegRatio": 1.52,
        "dividendsPerShare": 8,
        "dividendRate": 18,
        "trailingAnnualDividendYield": 0.011293763,
        "dividendYield": 1.12,
        "revenue": 1472717520000,
        "priceToSales": 1.5179055,
        "marketState": "REGULAR",
        "epsTrailingTwelveMonths": 88.559,
        "epsForward": 57.83,
        "epsCurrentYear": 49.9,
        "epsNextQuarter": 6.71,
        "priceEpsCurrentYear": 31.892784,
        "priceEpsNextQuarter": 237.17584,
        "sharesOutstanding": 1404659968,
        "bookValue": 540.161,
        "fiftyDayAverage": 1595.9028,
        "fiftyDayAverageChange": -4.452881,
        "fiftyDayAverageChangePercent": -0.0027901954,
        "twoHundredDayAverage": 1484.6542,
        "twoHundredDayAverageChange": 106.79578,
        "twoHundredDayAverageChangePercent": 0.0719331,
        "marketCap": 2235446067200,
        "forwardPE": 27.519451,
        "priceToBook": 2.9462512,
        "sourceInterval": 15,
        "exchangeDataDelayedBy": 15,
        "exchangeTimezoneName": "Asia/Kolkata",
        "exchangeTimezoneShortName": "IST",
        "gmtOffSetMilliseconds": 19800000,
        "esgPopulated": false,
        "tradeable": false,
        "firstTradeDateMilliseconds": 1025495100000,
        "priceHint": 2,
        "totalCash": 450012414000,
        "floatShares": 1171174389,
        "ebitda": 195113631744,
        "targetPriceHigh": 1925,
        "targetPriceLow": 1175,
        "targetPriceMean": 1569.63,
        "targetPriceMedian": 1588.5,
        "symbol": "LT.NS"
      },
      13,
      :,
      {
        73 "items",
        "language": "en-US",
        "region": "US",
        "quoteType": "EQUITY",
        "quoteSourceName": "Free Realtime Quote",
        "triggerable": true,
        "quoteSummary": { "..." },
        1 "item",
        "currency": "INR",
        "heldPercentInsiders": 62.867,
        "heldPercentInstitutions": 13.432,
        "regularMarketChange": -84.40039,
        "regularMarketChangePercent": -0.42391276,
        "regularMarketTime": 1629964978,
        "regularMarketPrice": 19825.45,
        "regularMarketDayHigh": 20100,
        "regularMarketDayRange": "19809.0 - 20100.0",
        "regularMarketDayLow": 19809,
        "regularMarketVolume": 31904,
        "regularMarketPreviousClose": 19909.85,
        "bid": 19809.8,
        "ask": 19833.5,
        "bidSize": 0,
        "askSize": 0,
        "exchange": "NSI",
        "market": "in_market",
        "messageBoardId": "finmb_877826",
        "fullExchangeName": "NSE",
        "shortName": "NESTLE INDIA",
        "longName": "Nestlé India Limited",
        "regularMarketOpen": 19974.95,
        "averageDailyVolume3Month": 61776,
        "averageDailyVolume10Day": 89182,
        "beta": -0.077365,
        "fiftyTwoWeekLowChange": 4725.449,
        "fiftyTwoWeekLowChangePercent": 0.31294367,
        "fiftyTwoWeekRange": "15100.0 - 20199.0",
        "fiftyTwoWeekHighChange": -373.55078,
        "fiftyTwoWeekHighChangePercent": -0.018493528,
        "fiftyTwoWeekLow": 15100,
        "fiftyTwoWeekHigh": 20199,
        "exDividendDate": 1619654400,
        "trailingAnnualDividendRate": 200,
        "trailingPE": 86.44793,
        "dividendsPerShare": 225,
        "dividendRate": 286,
        "trailingAnnualDividendYield": 0.01004528,
        "dividendYield": 1.45,
        "revenue": 140385796000,
        "priceToSales": 13.615939,
        "marketState": "REGULAR",
        "epsTrailingTwelveMonths": 229.334,
        "sharesOutstanding": 96415696,
        "bookValue": 232.072,
        "fiftyDayAverage": 18178.455,
        "fiftyDayAverageChange": 1646.9941,
        "fiftyDayAverageChangePercent": 0.09060144,
        "twoHundredDayAverage": 17344.111,
        "twoHundredDayAverageChange": 2481.338,
        "twoHundredDayAverageChangePercent": 0.14306515,
        "marketCap": 1911484448768,
        "priceToBook": 85.42801,
        "sourceInterval": 15,
        "exchangeDataDelayedBy": 15,
        "exchangeTimezoneName": "Asia/Kolkata",
        "exchangeTimezoneShortName": "IST",
        "gmtOffSetMilliseconds": 19800000,
        "esgPopulated": false,
        "tradeable": false,
        "firstTradeDateMilliseconds": 1029123900000,
        "priceHint": 2,
        "totalCash": 22153400300,
        "floatShares": 35802168,
        "ebitda": 32248600576,
        "symbol": "NESTLEIND.NS"
      },
      14,
      :,
      {
        71 "items",
        "language": "en-US",
        "region": "US",
        "quoteType": "EQUITY",
        "quoteSourceName": "Free Realtime Quote",
        "triggerable": true,
        "quoteSummary": { "..." },
        1 "item",
        "currency": "INR",
        "heldPercentInsiders": 35.073,
        "heldPercentInstitutions": 27.294,
        "regularMarketChange": 6.5999756,
        "regularMarketChangePercent": 0.7894708,
        "regularMarketTime": 1629964977,
        "regularMarketPrice": 842.6,
        "regularMarketDayHigh": 847.9,
        "regularMarketDayRange": "834.55 - 847.9",
        "regularMarketDayLow": 834.55,
        "regularMarketVolume": 1242427,
        "regularMarketPreviousClose": 836,
        "bid": 842.3,
        "ask": 842.5,
        "exchange": "NSI",
        "market": "in_market",
        "messageBoardId": "finmb_121597",
        "fullExchangeName": "NSE",
        "shortName": "TATA CONSUMER PRODUCT LTD",
        "longName": "Tata Consumer Products Limited",
        "regularMarketOpen": 842,
        "averageDailyVolume3Month": 2552885,
        "averageDailyVolume10Day": 3391270,
        "beta": 0.602122,
        "fiftyTwoWeekLowChange": 383.64996,
        "fiftyTwoWeekLowChangePercent": 0.83592975,
        "fiftyTwoWeekRange": "458.95 - 852.4",
        "fiftyTwoWeekHighChange": -9.800049,
        "fiftyTwoWeekHighChangePercent": -0.011497007,
        "fiftyTwoWeekLow": 458.95,
        "fiftyTwoWeekHigh": 852.4,
        "exDividendDate": 1623283200,
        "trailingAnnualDividendRate": 4.05,
        "trailingPE": 108.66649,
        "dividendsPerShare": 4.05,
        "dividendRate": 4.05,
        "trailingAnnualDividendYield": 0.004844498,
        "dividendYield": 0.48,
        "revenue": 118965797000,
        "priceToSales": 6.5274234,
        "marketState": "REGULAR",
        "epsTrailingTwelveMonths": 7.754,
        "sharesOutstanding": 921600000,
        "bookValue": 157.718,
        "fiftyDayAverage": 780.7343,
        "fiftyDayAverageChange": 61.86566,
        "fiftyDayAverageChangePercent": 0.07924035,
        "twoHundredDayAverage": 690.9616,
        "twoHundredDayAverageChange": 151.63837,
        "twoHundredDayAverageChangePercent": 0.2194599,
        "marketCap": 776540127232,
        "priceToBook": 5.3424463,
        "sourceInterval": 15,
        "exchangeDataDelayedBy": 15,
        "exchangeTimezoneName": "Asia/Kolkata",
        "exchangeTimezoneShortName": "IST",
        "gmtOffSetMilliseconds": 19800000,
        "esgPopulated": false,
        "tradeable": false,
        "firstTradeDateMilliseconds": 820467900000,
        "priceHint": 2,
        "totalCash": 34070700000,
        "floatShares": 598022554,
        "ebitda": 13865950208,
        "symbol": "TATACONSUM.NS"
      },
      15,
      :,
      {
        80 "items",
        "language": "en-US",
        "region": "US",
        "quoteType": "EQUITY",
        "quoteSourceName": "Free Realtime Quote",
        "triggerable": true,
        "quoteSummary": {
          1 "item",
          "earnings": {
            4 "items",
            "maxAge": 86400,
            "earningsChart": {
              2 "items",
              "quarterly": [
                0,
                "items"
              ],
              "earningsDate": [
                0,
                "items"
              ]
            },
            "financialsChart": {
              2 "items",
              "yearly": [
                4,
                "items",
                0,
                :,
                {
                  3 "items",
                  "date": 2018,
                  "revenue": 323804400000,
                  "earnings": 11072030000
                },
                1,
                :,
                {
                  3 "items",
                  "date": 2019,
                  "revenue": 385047152000,
                  "earnings": 12779251000
                },
                2,
                :,
                {
                  3 "items",
                  "date": 2020,
                  "revenue": 289367888000,
                  "earnings": 12974447000
                },
                3,
                :,
                {
                  3 "items",
                  "date": 2021,
                  "revenue": 719402997000,
                  "earnings": 13608721000
                }
              ],
              "quarterly": [
                4,
                "items",
                0,
                :,
                {
                  3 "items",
                  "date": "3Q2020",
                  "revenue": 165521400000,
                  "earnings": 3278300000
                },
                1,
                :,
                {
                  3 "items",
                  "date": "4Q2020",
                  "revenue": 213359600000,
                  "earnings": 2634400000
                },
                2,
                :,
                {
                  3 "items",
                  "date": "1Q2021",
                  "revenue": 193597097000,
                  "earnings": 3190621000
                },
                3,
                :,
                {
                  3 "items",
                  "date": "2Q2021",
                  "revenue": 150316000000,
                  "earnings": 2695500000
                }
              ]
            },
            "financialCurrency": "INR"
          }
        },
        "currency": "INR",
        "heldPercentInsiders": 50.167,
        "heldPercentInstitutions": 32.835,
        "regularMarketChange": 10.200012,
        "regularMarketChangePercent": 1.4835303,
        "regularMarketTime": 1629964977,
        "regularMarketPrice": 697.75,
        "regularMarketDayHigh": 702,
        "regularMarketDayRange": "690.0 - 702.0",
        "regularMarketDayLow": 690,
        "regularMarketVolume": 5498654,
        "regularMarketPreviousClose": 687.55,
        "bid": 697.4,
        "ask": 697.7,
        "bidSize": 0,
        "askSize": 0,
        "exchange": "NSI",
        "market": "in_market",
        "messageBoardId": "finmb_8707653",
        "fullExchangeName": "NSE",
        "shortName": "HDFC LIFE INSURANC",
        "longName": "HDFC Life Insurance Company Limited",
        "regularMarketOpen": 693.4,
        "averageDailyVolume3Month": 3424502,
        "averageDailyVolume10Day": 2406619,
        "beta": 0.775196,
        "fiftyTwoWeekLowChange": 141.79999,
        "fiftyTwoWeekLowChangePercent": 0.25505888,
        "fiftyTwoWeekRange": "555.95 - 746.0",
        "fiftyTwoWeekHighChange": -48.25,
        "fiftyTwoWeekHighChangePercent": -0.06467828,
        "fiftyTwoWeekLow": 555.95,
        "fiftyTwoWeekHigh": 746,
        "exDividendDate": 1625011200,
        "trailingAnnualDividendRate": 2.02,
        "trailingPE": 119.662155,
        "dividendsPerShare": 2.02,
        "dividendRate": 2.02,
        "trailingAnnualDividendYield": 0.0029379681,
        "dividendYield": 0.3,
        "revenue": 722794180000,
        "priceToSales": 1.9524028,
        "marketState": "REGULAR",
        "epsTrailingTwelveMonths": 5.831,
        "epsForward": 6.3,
        "epsNextQuarter": 1.82,
        "priceEpsNextQuarter": 383.37912,
        "sharesOutstanding": 2022480000,
        "bookValue": 44.259,
        "fiftyDayAverage": 673.35,
        "fiftyDayAverageChange": 24.400024,
        "fiftyDayAverageChangePercent": 0.036236763,
        "twoHundredDayAverage": 686.47534,
        "twoHundredDayAverageChange": 11.274658,
        "twoHundredDayAverageChangePercent": 0.016423982,
        "marketCap": 1411185377280,
        "forwardPE": 110.75397,
        "priceToBook": 15.765156,
        "sourceInterval": 15,
        "exchangeDataDelayedBy": 15,
        "exchangeTimezoneName": "Asia/Kolkata",
        "exchangeTimezoneShortName": "IST",
        "gmtOffSetMilliseconds": 19800000,
        "esgPopulated": false,
        "tradeable": false,
        "firstTradeDateMilliseconds": 1510890300000,
        "priceHint": 2,
        "floatShares": 927697872,
        "ebitda": 14866024448,
        "targetPriceHigh": 580,
        "targetPriceLow": 365,
        "targetPriceMean": 451.25,
        "targetPriceMedian": 451,
        "symbol": "HDFCLIFE.NS"
      },
      16,
      :,
      {
        75 "items",
        "language": "en-US",
        "region": "US",
        "quoteType": "EQUITY",
        "quoteSourceName": "Free Realtime Quote",
        "triggerable": true,
        "quoteSummary": {
          1 "item",
          "earnings": {
            4 "items",
            "maxAge": 86400,
            "earningsChart": {
              4 "items",
              "quarterly": [
                4,
                "items",
                0,
                :,
                {
                  3 "items",
                  "date": "4Q2017",
                  "actual": 10.38,
                  "estimate": 10.93
                },
                1,
                :,
                {
                  3 "items",
                  "date": "1Q2018",
                  "actual": 10.19,
                  "estimate": 10.75
                },
                2,
                :,
                {
                  3 "items",
                  "date": "2Q2018",
                  "actual": 10.25,
                  "estimate": 11.02
                },
                3,
                :,
                {
                  3 "items",
                  "date": "3Q2018",
                  "actual": 11.8,
                  "estimate": 12.65
                }
              ],
              "currentQuarterEstimateDate": "4Q",
              "currentQuarterEstimateYear": 2018,
              "earningsDate": [
                0,
                "items"
              ]
            },
            "financialsChart": {
              2 "items",
              "yearly": [
                4,
                "items",
                0,
                :,
                {
                  3 "items",
                  "date": 2018,
                  "revenue": 98869300000,
                  "earnings": 10042300000
                },
                1,
                :,
                {
                  3 "items",
                  "date": 2019,
                  "revenue": 110322800000,
                  "earnings": 11591200000
                },
                2,
                :,
                {
                  3 "items",
                  "date": 2020,
                  "revenue": 115711300000,
                  "earnings": 14026300000
                },
                3,
                :,
                {
                  3 "items",
                  "date": 2021,
                  "revenue": 131007200000,
                  "earnings": 18639000000
                }
              ],
              "quarterly": [
                4,
                "items",
                0,
                :,
                {
                  3 "items",
                  "date": "3Q2020",
                  "revenue": 34191100000,
                  "earnings": 4981300000
                },
                1,
                :,
                {
                  3 "items",
                  "date": "4Q2020",
                  "revenue": 31656100000,
                  "earnings": 4557500000
                },
                2,
                :,
                {
                  3 "items",
                  "date": "1Q2021",
                  "revenue": 30953300000,
                  "earnings": 3643200000
                },
                3,
                :,
                {
                  3 "items",
                  "date": "2Q2021",
                  "revenue": 34034600000,
                  "earnings": 3895500000
                }
              ]
            },
            "financialCurrency": "INR"
          }
        },
        "currency": "INR",
        "heldPercentInsiders": 50.547,
        "heldPercentInstitutions": 24.568,
        "regularMarketChange": 44.75,
        "regularMarketChangePercent": 1.1645154,
        "regularMarketTime": 1629964978,
        "regularMarketPrice": 3887.55,
        "regularMarketDayHigh": 3903.2,
        "regularMarketDayRange": "3825.2 - 3903.2",
        "regularMarketDayLow": 3825.2,
        "regularMarketVolume": 689220,
        "regularMarketPreviousClose": 3842.8,
        "bid": 3888.2,
        "ask": 3889.7,
        "bidSize": 0,
        "askSize": 0,
        "exchange": "NSI",
        "market": "in_market",
        "messageBoardId": "finmb_878217",
        "fullExchangeName": "NSE",
        "shortName": "BRITANNIA INDS",
        "longName": "Britannia Industries Limited",
        "regularMarketOpen": 3825.2,
        "averageDailyVolume3Month": 439456,
        "averageDailyVolume10Day": 667412,
        "beta": 0.427939,
        "fiftyTwoWeekLowChange": 570.25,
        "fiftyTwoWeekLowChangePercent": 0.17190185,
        "fiftyTwoWeekRange": "3317.3 - 3967.5",
        "fiftyTwoWeekHighChange": -79.94995,
        "fiftyTwoWeekHighChangePercent": -0.020151217,
        "fiftyTwoWeekLow": 3317.3,
        "fiftyTwoWeekHigh": 3967.5,
        "exDividendDate": 1621900800,
        "trailingAnnualDividendRate": 145,
        "trailingPE": 54.84228,
        "dividendsPerShare": 157.5,
        "dividendRate": 74.5,
        "trailingAnnualDividendYield": 0.037732903,
        "dividendYield": 1.95,
        "revenue": 131189301000,
        "priceToSales": 7.1382365,
        "marketState": "REGULAR",
        "epsTrailingTwelveMonths": 70.886,
        "epsForward": 59.39,
        "sharesOutstanding": 240868000,
        "bookValue": 147.332,
        "fiftyDayAverage": 3558.2444,
        "fiftyDayAverageChange": 329.30566,
        "fiftyDayAverageChangePercent": 0.09254723,
        "twoHundredDayAverage": 3538.2812,
        "twoHundredDayAverageChange": 349.2688,
        "twoHundredDayAverageChangePercent": 0.09871143,
        "marketCap": 936460288000,
        "forwardPE": 65.45799,
        "priceToBook": 26.386326,
        "sourceInterval": 15,
        "exchangeDataDelayedBy": 15,
        "exchangeTimezoneName": "Asia/Kolkata",
        "exchangeTimezoneShortName": "IST",
        "gmtOffSetMilliseconds": 19800000,
        "esgPopulated": false,
        "tradeable": false,
        "firstTradeDateMilliseconds": 820554300000,
        "priceHint": 2,
        "totalCash": 16045899800,
        "floatShares": 115915818,
        "ebitda": 23501000704,
        "symbol": "BRITANNIA.NS"
      },
      17,
      :,
      {
        76 "items",
        "language": "en-US",
        "region": "US",
        "quoteType": "EQUITY",
        "quoteSourceName": "Free Realtime Quote",
        "triggerable": true,
        "quoteSummary": {
          1 "item",
          "earnings": {
            4 "items",
            "maxAge": 86400,
            "earningsChart": {
              4 "items",
              "quarterly": [
                4,
                "items",
                0,
                :,
                { "..." },
                3,
                "items",
                1,
                :,
                {
                  3 "items",
                  "date": "1Q2018",
                  "actual": 13.72,
                  "estimate": 13.94
                },
                2,
                :,
                {
                  3 "items",
                  "date": "2Q2018",
                  "actual": 13.91,
                  "estimate": 13.93
                },
                3,
                :,
                {
                  3 "items",
                  "date": "3Q2018",
                  "actual": 13.98,
                  "estimate": 14.66
                }
              ],
              "currentQuarterEstimateDate": "4Q",
              "currentQuarterEstimateYear": 2018,
              "earningsDate": [],
              0 "items"
            },
            "financialsChart": {
              2 "items",
              "yearly": [
                4,
                "items",
                0,
                :,
                {
                  3 "items",
                  "date": 2018,
                  "revenue": 4082650000000,
                  "earnings": 360750000000
                },
                1,
                :,
                {
                  3 "items",
                  "date": 2019,
                  "revenue": 5692090000000,
                  "earnings": 395880000000
                },
                2,
                :,
                {
                  3 "items",
                  "date": 2020,
                  "revenue": 5975350000000,
                  "earnings": 393540000000
                },
                3,
                :,
                {
                  3 "items",
                  "date": 2021,
                  "revenue": 4669240000000,
                  "earnings": 491280000000
                }
              ],
              "quarterly": [
                4,
                "items",
                0,
                :,
                {
                  3 "items",
                  "date": "3Q2020",
                  "revenue": 1112360000000,
                  "earnings": 95670000000
                },
                1,
                :,
                {
                  3 "items",
                  "date": "4Q2020",
                  "revenue": 1178600000000,
                  "earnings": 131010000000
                },
                2,
                :,
                {
                  3 "items",
                  "date": "1Q2021",
                  "revenue": 1495750000000,
                  "earnings": 132270000000
                },
                3,
                :,
                {
                  3 "items",
                  "date": "2Q2021",
                  "revenue": 1399490000000,
                  "earnings": 122730000000
                }
              ]
            },
            "financialCurrency": "INR"
          }
        },
        "currency": "INR",
        "components": [
          1,
          "item",
          0,
          :,
          "NIFTY50.NS"
        ],
        "heldPercentInsiders": 49.596,
        "heldPercentInstitutions": 27.028,
        "regularMarketChange": 26.399902,
        "regularMarketChangePercent": 1.198579,
        "regularMarketTime": 1629964978,
        "regularMarketPrice": 2229,
        "regularMarketDayHigh": 2244.9,
        "regularMarketDayRange": "2205.0 - 2244.9",
        "regularMarketDayLow": 2205,
        "regularMarketVolume": 6112129,
        "regularMarketPreviousClose": 2202.6,
        "bid": 2229.65,
        "ask": 2229.7,
        "bidSize": 0,
        "askSize": 0,
        "exchange": "NSI",
        "market": "in_market",
        "messageBoardId": "finmb_878373",
        "fullExchangeName": "NSE",
        "shortName": "RELIANCE INDS",
        "longName": "Reliance Industries Limited",
        "regularMarketOpen": 2208,
        "averageDailyVolume3Month": 7823411,
        "averageDailyVolume10Day": 5831406,
        "beta": 1.014588,
        "fiftyTwoWeekLowChange": 399,
        "fiftyTwoWeekLowChangePercent": 0.21803279,
        "fiftyTwoWeekRange": "1830.0 - 2369.35",
        "fiftyTwoWeekHighChange": -140.3501,
        "fiftyTwoWeekHighChangePercent": -0.059235696,
        "fiftyTwoWeekLow": 1830,
        "fiftyTwoWeekHigh": 2369.35,
        "exDividendDate": 1623369600,
        "trailingAnnualDividendRate": 7,
        "trailingPE": 30.429203,
        "dividendsPerShare": 7,
        "dividendRate": 7,
        "trailingAnnualDividendYield": 0.0031780622,
        "dividendYield": 0.32,
        "revenue": 5186199700000,
        "priceToSales": 2.9063003,
        "marketState": "REGULAR",
        "epsTrailingTwelveMonths": 73.252,
        "epsForward": 71.85,
        "sharesOutstanding": 6762070016,
        "bookValue": 1086.227,
        "fiftyDayAverage": 2106.0686,
        "fiftyDayAverageChange": 122.9314,
        "fiftyDayAverageChangePercent": 0.058370084,
        "twoHundredDayAverage": 2068.168,
        "twoHundredDayAverageChange": 160.83203,
        "twoHundredDayAverageChangePercent": 0.07776546,
        "marketCap": 15072654000128,
        "forwardPE": 31.022964,
        "priceToBook": 2.0520573,
        "sourceInterval": 15,
        "exchangeDataDelayedBy": 15,
        "exchangeTimezoneName": "Asia/Kolkata",
        "exchangeTimezoneShortName": "IST",
        "gmtOffSetMilliseconds": 19800000,
        "esgPopulated": false,
        "tradeable": false,
        "firstTradeDateMilliseconds": 820467900000,
        "priceHint": 2,
        "totalCash": 1911070000000,
        "floatShares": 3186837215,
        "ebitda": 846322532352,
        "symbol": "RELIANCE.NS"
      },
      18,
      :,
      {
        76 "items",
        "language": "en-US",
        "region": "US",
        "quoteType": "EQUITY",
        "quoteSourceName": "Free Realtime Quote",
        "triggerable": true,
        "quoteSummary": {
          1 "item",
          "earnings": {
            4 "items",
            "maxAge": 86400,
            "earningsChart": { "..." },
            4 "items",
            "financialsChart": { "..." },
            2 "items",
            "financialCurrency": "INR"
          }
        },
        "currency": "INR",
        "components": [
          1,
          "item",
          0,
          :,
          "NIFTY50.NS"
        ],
        "heldPercentInsiders": 66.134,
        "heldPercentInstitutions": 23.719,
        "regularMarketChange": -1.2000122,
        "regularMarketChangePercent": -0.8642508,
        "regularMarketTime": 1629964978,
        "regularMarketPrice": 137.65,
        "regularMarketDayHigh": 139.4,
        "regularMarketDayRange": "136.95 - 139.4",
        "regularMarketDayLow": 136.95,
        "regularMarketVolume": 4299785,
        "regularMarketPreviousClose": 138.85,
        "bid": 137.65,
        "ask": 137.8,
        "bidSize": 0,
        "askSize": 0,
        "exchange": "NSI",
        "market": "in_market",
        "messageBoardId": "finmb_9192276",
        "fullExchangeName": "NSE",
        "shortName": "COAL INDIA LTD",
        "longName": "Coal India Limited",
        "regularMarketOpen": 138.85,
        "averageDailyVolume3Month": 12436300,
        "averageDailyVolume10Day": 8454349,
        "beta": 0.618921,
        "fiftyTwoWeekLowChange": 28.09999,
        "fiftyTwoWeekLowChangePercent": 0.2565038,
        "fiftyTwoWeekRange": "109.55 - 165.0",
        "fiftyTwoWeekHighChange": -27.350006,
        "fiftyTwoWeekHighChangePercent": -0.16575761,
        "fiftyTwoWeekLow": 109.55,
        "fiftyTwoWeekHigh": 165,
        "exDividendDate": 1630540800,
        "trailingAnnualDividendRate": 16,
        "trailingPE": 6.1497564,
        "dividendsPerShare": 12.5,
        "dividendRate": 8.5,
        "trailingAnnualDividendYield": 0.11523226,
        "dividendYield": 6.24,
        "revenue": 889968720000,
        "priceToSales": 0.9531793,
        "marketState": "REGULAR",
        "epsTrailingTwelveMonths": 22.383,
        "epsForward": 27.58,
        "sharesOutstanding": 6162729984,
        "bookValue": 59.233,
        "fiftyDayAverage": 143.31572,
        "fiftyDayAverageChange": -5.6657257,
        "fiftyDayAverageChangePercent": -0.039533176,
        "twoHundredDayAverage": 142.1912,
        "twoHundredDayAverageChange": -4.5411987,
        "twoHundredDayAverageChangePercent": -0.03193727,
        "marketCap": 848299753472,
        "forwardPE": 4.9909353,
        "priceToBook": 2.3238733,
        "sourceInterval": 15,
        "exchangeDataDelayedBy": 15,
        "exchangeTimezoneName": "Asia/Kolkata",
        "exchangeTimezoneShortName": "IST",
        "gmtOffSetMilliseconds": 19800000,
        "esgPopulated": false,
        "tradeable": false,
        "firstTradeDateMilliseconds": 1288842300000,
        "priceHint": 2,
        "totalCash": 232876605000,
        "floatShares": 2045231622,
        "ebitda": 201756033024,
        "symbol": "COALINDIA.NS"
      },
      19,
      :,
      {
        72 "items",
        "language": "en-US",
        "region": "US",
        "quoteType": "EQUITY",
        "quoteSourceName": "Free Realtime Quote",
        "triggerable": true,
        "quoteSummary": {
          1 "item",
          "errorResult": {
            2 "items",
            "code": "Not Found",
            "description": "No fundamentals data found for any of the summaryTypes=earnings"
          }
        },
        "currency": "INR",
        "heldPercentInsiders": 56.685,
        "heldPercentInstitutions": 21.475,
        "regularMarketChange": -68.3501,
        "regularMarketChangePercent": -0.9841697,
        "regularMarketTime": 1629964978,
        "regularMarketPrice": 6876.6,
        "regularMarketDayHigh": 6993.25,
        "regularMarketDayRange": "6855.0 - 6993.25",
        "regularMarketDayLow": 6855,
        "regularMarketVolume": 830568,
        "regularMarketPreviousClose": 6944.95,
        "bid": 6876.55,
        "ask": 6878.9,
        "bidSize": 0,
        "askSize": 0,
        "exchange": "NSI",
        "market": "in_market",
        "messageBoardId": "finmb_881576",
        "fullExchangeName": "NSE",
        "shortName": "BAJAJ FINANCE LTD",
        "longName": "Bajaj Finance Limited",
        "regularMarketOpen": 6900,
        "averageDailyVolume3Month": 1635908,
        "averageDailyVolume10Day": 1950983,
        "beta": 1.345269,
        "fiftyTwoWeekLowChange": 3869.7002,
        "fiftyTwoWeekLowChangePercent": 1.2869401,
        "fiftyTwoWeekRange": "3006.9 - 7049.0",
        "fiftyTwoWeekHighChange": -172.3999,
        "fiftyTwoWeekHighChangePercent": -0.024457356,
        "fiftyTwoWeekLow": 3006.9,
        "fiftyTwoWeekHigh": 7049,
        "exDividendDate": 1625702400,
        "trailingAnnualDividendRate": 10,
        "trailingPE": 93.42826,
        "dividendsPerShare": 0,
        "dividendRate": 10,
        "trailingAnnualDividendYield": 0.0014398951,
        "dividendYield": 0.14,
        "revenue": 176016294000,
        "priceToSales": 23.581194,
        "marketState": "REGULAR",
        "epsTrailingTwelveMonths": 73.603,
        "sharesOutstanding": 603593984,
        "bookValue": 613.705,
        "fiftyDayAverage": 6263.5757,
        "fiftyDayAverageChange": 613.0244,
        "fiftyDayAverageChangePercent": 0.09787132,
        "twoHundredDayAverage": 5674.406,
        "twoHundredDayAverageChange": 1202.1943,
        "twoHundredDayAverageChangePercent": 0.2118626,
        "marketCap": 4150674325504,
        "priceToBook": 11.205058,
        "sourceInterval": 15,
        "exchangeDataDelayedBy": 15,
        "exchangeTimezoneName": "Asia/Kolkata",
        "exchangeTimezoneShortName": "IST",
        "gmtOffSetMilliseconds": 19800000,
        "esgPopulated": false,
        "tradeable": false,
        "firstTradeDateMilliseconds": 1025495100000,
        "priceHint": 2,
        "totalCash": 154678804000,
        "floatShares": 259930491,
        "symbol": "BAJFINANCE.NS"
      },
      20,
      :,
      {
        79 "items",
        "language": "en-US",
        "region": "US",
        "quoteType": "EQUITY",
        "quoteSourceName": "Free Realtime Quote",
        "triggerable": true,
        "quoteSummary": {
          1 "item",
          "earnings": {
            4 "items",
            "maxAge": 86400,
            "earningsChart": { "..." },
            4 "items",
            "financialsChart": { "..." },
            2 "items",
            "financialCurrency": "INR"
          }
        },
        "currency": "INR",
        "components": [
          1,
          "item",
          0,
          :,
          "NIFTY50.NS"
        ],
        "heldPercentInsiders": 41.117,
        "heldPercentInstitutions": 24.081,
        "regularMarketChange": -8,
        "regularMarketChangePercent": -0.55260074,
        "regularMarketTime": 1629964978,
        "regularMarketPrice": 1439.7,
        "regularMarketDayHigh": 1459.75,
        "regularMarketDayRange": "1430.05 - 1459.75",
        "regularMarketDayLow": 1430.05,
        "regularMarketVolume": 558284,
        "regularMarketPreviousClose": 1447.7,
        "bid": 1439.65,
        "ask": 1439.9,
        "bidSize": 0,
        "askSize": 0,
        "exchange": "NSI",
        "market": "in_market",
        "messageBoardId": "finmb_877959",
        "fullExchangeName": "NSE",
        "shortName": "GRASIM INDUSTRIES",
        "longName": "Grasim Industries Limited",
        "regularMarketOpen": 1446.1,
        "averageDailyVolume3Month": 1332075,
        "averageDailyVolume10Day": 959909,
        "beta": 0.819628,
        "fiftyTwoWeekLowChange": 788.64996,
        "fiftyTwoWeekLowChangePercent": 1.2113509,
        "fiftyTwoWeekRange": "651.05 - 1614.2",
        "fiftyTwoWeekHighChange": -174.5,
        "fiftyTwoWeekHighChangePercent": -0.10810309,
        "fiftyTwoWeekLow": 651.05,
        "fiftyTwoWeekHigh": 1614.2,
        "exDividendDate": 1628726400,
        "earningsTimestamp": 1628852340,
        "earningsTimestampStart": 1636541940,
        "earningsTimestampEnd": 1636977600,
        "trailingAnnualDividendRate": 5,
        "trailingPE": 16.501238,
        "dividendsPerShare": 4,
        "dividendRate": 5,
        "trailingAnnualDividendYield": 0.0034537544,
        "dividendYield": 0.34,
        "revenue": 832736990000,
        "priceToSales": 1.1377827,
        "marketState": "REGULAR",
        "epsTrailingTwelveMonths": 87.248,
        "epsForward": 41.21,
        "sharesOutstanding": 658105024,
        "bookValue": 997.281,
        "fiftyDayAverage": 1527.9429,
        "fiftyDayAverageChange": -88.24292,
        "fiftyDayAverageChangePercent": -0.057752762,
        "twoHundredDayAverage": 1423.8014,
        "twoHundredDayAverageChange": 15.89856,
        "twoHundredDayAverageChangePercent": 0.011166276,
        "marketCap": 947473743872,
        "forwardPE": 34.935696,
        "priceToBook": 1.4436252,
        "sourceInterval": 15,
        "exchangeDataDelayedBy": 15,
        "exchangeTimezoneName": "Asia/Kolkata",
        "exchangeTimezoneShortName": "IST",
        "gmtOffSetMilliseconds": 19800000,
        "esgPopulated": false,
        "tradeable": false,
        "firstTradeDateMilliseconds": 1025495100000,
        "priceHint": 2,
        "totalCash": 219182399000,
        "floatShares": 352839447,
        "ebitda": 204918554624,
        "symbol": "GRASIM.NS"
      },
      21,
      :,
      {
        75 "items",
        "language": "en-US",
        "region": "US",
        "quoteType": "EQUITY",
        "quoteSourceName": "Free Realtime Quote",
        "triggerable": true,
        "quoteSummary": {
          1 "item",
          "earnings": {
            4 "items",
            "maxAge": 86400,
            "earningsChart": {
              4 "items",
              "quarterly": [
                4,
                "items",
                0,
                :,
                {
                  3 "items",
                  "date": "3Q2017",
                  "actual": 41,
                  "estimate": 44.29
                },
                1,
                :,
                {
                  3 "items",
                  "date": "4Q2017",
                  "actual": 47,
                  "estimate": 50.99
                },
                2,
                :,
                {
                  3 "items",
                  "date": "2Q2018",
                  "actual": 51.9,
                  "estimate": 55.93
                },
                3,
                :,
                {
                  3 "items",
                  "date": "3Q2018",
                  "actual": 44.2,
                  "estimate": 56.35
                }
              ],
              "currentQuarterEstimateDate": "4Q",
              "currentQuarterEstimateYear": 2018,
              "earningsDate": [
                0,
                "items"
              ]
            },
            "financialsChart": {
              2 "items",
              "yearly": [
                4,
                "items",
                0,
                :,
                {
                  3 "items",
                  "date": 2018,
                  "revenue": 327461400000,
                  "earnings": 26502600000
                },
                1,
                :,
                {
                  3 "items",
                  "date": 2019,
                  "revenue": 425089000000,
                  "earnings": 32190400000
                },
                2,
                :,
                {
                  3 "items",
                  "date": 2020,
                  "revenue": 540701200000,
                  "earnings": 33691300000
                },
                3,
                :,
                {
                  3 "items",
                  "date": 2021,
                  "revenue": 602850600000,
                  "earnings": 44704600000
                }
              ],
              "quarterly": [
                4,
                "items",
                0,
                :,
                {
                  3 "items",
                  "date": "3Q2020",
                  "revenue": 150088700000,
                  "earnings": 9862900000
                },
                1,
                :,
                {
                  3 "items",
                  "date": "4Q2020",
                  "revenue": 158426500000,
                  "earnings": 12899600000
                },
                2,
                :,
                {
                  3 "items",
                  "date": "1Q2021",
                  "revenue": 152700600000,
                  "earnings": 9790600000
                },
                3,
                :,
                {
                  3 "items",
                  "date": "2Q2021",
                  "revenue": 136855100000,
                  "earnings": 8327700000
                }
              ]
            },
            "financialCurrency": "INR"
          }
        },
        "currency": "INR",
        "heldPercentInsiders": 68.876,
        "heldPercentInstitutions": 10.229,
        "regularMarketChange": -88.40039,
        "regularMarketChangePercent": -0.55582345,
        "regularMarketTime": 1629964977,
        "regularMarketPrice": 15816,
        "regularMarketDayHigh": 16124.2,
        "regularMarketDayRange": "15678.3 - 16124.2",
        "regularMarketDayLow": 15678.3,
        "regularMarketVolume": 391170,
        "regularMarketPreviousClose": 15904.4,
        "bid": 15819,
        "ask": 15817.1,
        "bidSize": 0,
        "askSize": 0,
        "exchange": "NSI",
        "market": "in_market",
        "messageBoardId": "finmb_41356562",
        "fullExchangeName": "NSE",
        "shortName": "BAJAJ FINSERV LTD",
        "longName": "Bajaj Finserv Ltd.",
        "regularMarketOpen": 16000.5,
        "averageDailyVolume3Month": 332175,
        "averageDailyVolume10Day": 458866,
        "beta": 1.371794,
        "fiftyTwoWeekLowChange": 10416,
        "fiftyTwoWeekLowChangePercent": 1.9288889,
        "fiftyTwoWeekRange": "5400.0 - 16584.8",
        "fiftyTwoWeekHighChange": -768.8008,
        "fiftyTwoWeekHighChangePercent": -0.046355743,
        "fiftyTwoWeekLow": 5400,
        "fiftyTwoWeekHigh": 16584.8,
        "exDividendDate": 1625702400,
        "trailingAnnualDividendRate": 3,
        "trailingPE": 61.58783,
        "dividendsPerShare": 0,
        "dividendRate": 3,
        "trailingAnnualDividendYield": 0.00018862705,
        "dividendYield": 0.02,
        "revenue": 598070920000,
        "priceToSales": 4.211846,
        "marketState": "REGULAR",
        "epsTrailingTwelveMonths": 256.804,
        "epsForward": 271.99,
        "sharesOutstanding": 159136992,
        "bookValue": 2251.513,
        "fiftyDayAverage": 13832.741,
        "fiftyDayAverageChange": 1983.2588,
        "fiftyDayAverageChangePercent": 0.14337425,
        "twoHundredDayAverage": 11450.186,
        "twoHundredDayAverageChange": 4365.8145,
        "twoHundredDayAverageChangePercent": 0.38128766,
        "marketCap": 2518982590464,
        "forwardPE": 58.1492,
        "priceToBook": 7.02461,
        "sourceInterval": 15,
        "exchangeDataDelayedBy": 15,
        "exchangeTimezoneName": "Asia/Kolkata",
        "exchangeTimezoneShortName": "IST",
        "gmtOffSetMilliseconds": 19800000,
        "esgPopulated": false,
        "tradeable": false,
        "firstTradeDateMilliseconds": 1029123900000,
        "priceHint": 2,
        "totalCash": 181222294000,
        "floatShares": 51959967,
        "ebitda": 242006982656,
        "symbol": "BAJAJFINSV.NS"
      },
      22,
      :,
      {
        73 "items",
        "language": "en-US",
        "region": "US",
        "quoteType": "EQUITY",
        "quoteSourceName": "Free Realtime Quote",
        "triggerable": true,
        "quoteSummary": {
          1 "item",
          "errorResult": {
            2 "items",
            "code": "Not Found",
            "description": "No fundamentals data found for any of the summaryTypes=earnings"
          }
        },
        "currency": "INR",
        "components": [
          1,
          "item",
          0,
          :,
          "NIFTY50.NS"
        ],
        "heldPercentInsiders": 29.555,
        "heldPercentInstitutions": 58.018,
        "regularMarketChange": 7.4500732,
        "regularMarketChangePercent": 0.4389626,
        "regularMarketTime": 1629964978,
        "regularMarketPrice": 1704.65,
        "regularMarketDayHigh": 1716.5,
        "regularMarketDayRange": "1688.9 - 1716.5",
        "regularMarketDayLow": 1688.9,
        "regularMarketVolume": 3445538,
        "regularMarketPreviousClose": 1697.2,
        "bid": 1705,
        "ask": 1705.1,
        "bidSize": 0,
        "askSize": 0,
        "exchange": "NSI",
        "market": "in_market",
        "messageBoardId": "finmb_932131",
        "fullExchangeName": "NSE",
        "shortName": "KOTAK MAHINDRA BAN",
        "longName": "Kotak Mahindra Bank Limited",
        "regularMarketOpen": 1693.8,
        "averageDailyVolume3Month": 3175760,
        "averageDailyVolume10Day": 3196838,
        "beta": 0.720601,
        "fiftyTwoWeekLowChange": 474.05005,
        "fiftyTwoWeekLowChangePercent": 0.38521865,
        "fiftyTwoWeekRange": "1230.6 - 2049.0",
        "fiftyTwoWeekHighChange": -344.34998,
        "fiftyTwoWeekHighChangePercent": -0.16805758,
        "fiftyTwoWeekLow": 1230.6,
        "fiftyTwoWeekHigh": 2049,
        "exDividendDate": 1628640000,
        "trailingAnnualDividendRate": 0.9,
        "trailingPE": 34.11142,
        "dividendsPerShare": 0,
        "dividendRate": 0.9,
        "trailingAnnualDividendYield": 0.0005302852,
        "dividendYield": 0.05,
        "revenue": 417641300000,
        "priceToSales": 8.093512,
        "marketState": "REGULAR",
        "epsTrailingTwelveMonths": 49.973,
        "sharesOutstanding": 1982919936,
        "bookValue": 421.683,
        "fiftyDayAverage": 1733.7871,
        "fiftyDayAverageChange": -29.137085,
        "fiftyDayAverageChangePercent": -0.016805457,
        "twoHundredDayAverage": 1788.4471,
        "twoHundredDayAverageChange": -83.79712,
        "twoHundredDayAverageChangePercent": -0.04685468,
        "marketCap": 3380184612864,
        "priceToBook": 4.0424914,
        "sourceInterval": 15,
        "exchangeDataDelayedBy": 15,
        "exchangeTimezoneName": "Asia/Kolkata",
        "exchangeTimezoneShortName": "IST",
        "gmtOffSetMilliseconds": 19800000,
        "esgPopulated": false,
        "tradeable": false,
        "firstTradeDateMilliseconds": 994045500000,
        "priceHint": 2,
        "totalCash": 366781792000,
        "floatShares": 1445254759,
        "symbol": "KOTAKBANK.NS"
      },
      23,
      :,
      {
        74 "items",
        "language": "en-US",
        "region": "US",
        "quoteType": "EQUITY",
        "quoteSourceName": "Free Realtime Quote",
        "triggerable": true,
        "quoteSummary": {
          1 "item",
          "errorResult": {
            2 "items",
            "code": "Not Found",
            "description": "No fundamentals data found for any of the summaryTypes=earnings"
          }
        },
        "currency": "INR",
        "components": [
          1,
          "item",
          0,
          :,
          "NIFTY50.NS"
        ],
        "heldPercentInsiders": 36.043,
        "heldPercentInstitutions": 30.943,
        "regularMarketChange": -11.049927,
        "regularMarketChangePercent": -0.79484445,
        "regularMarketTime": 1629964978,
        "regularMarketPrice": 1379.15,
        "regularMarketDayHigh": 1394.75,
        "regularMarketDayRange": "1365.0 - 1394.75",
        "regularMarketDayLow": 1365,
        "regularMarketVolume": 6553496,
        "regularMarketPreviousClose": 1390.2,
        "bid": 1379.4,
        "ask": 1379.4,
        "bidSize": 0,
        "askSize": 0,
        "exchange": "NSI",
        "market": "in_market",
        "messageBoardId": "finmb_874170",
        "fullExchangeName": "NSE",
        "shortName": "TATA STEEL LTD",
        "longName": "Tata Steel Limited",
        "regularMarketOpen": 1390.4,
        "averageDailyVolume3Month": 13616233,
        "averageDailyVolume10Day": 21048422,
        "beta": 1.263041,
        "fiftyTwoWeekLowChange": 1036.4,
        "fiftyTwoWeekLowChangePercent": 3.0237784,
        "fiftyTwoWeekRange": "342.75 - 1534.5",
        "fiftyTwoWeekHighChange": -155.34998,
        "fiftyTwoWeekHighChangePercent": -0.10123817,
        "fiftyTwoWeekLow": 342.75,
        "fiftyTwoWeekHigh": 1534.5,
        "exDividendDate": 1623888000,
        "trailingAnnualDividendRate": 25,
        "trailingPE": 7.776168,
        "dividendsPerShare": 35,
        "dividendRate": 25,
        "trailingAnnualDividendYield": 0.017983025,
        "dividendYield": 1.8,
        "revenue": 1841914710000,
        "priceToSales": 0.9007195,
        "marketState": "REGULAR",
        "epsTrailingTwelveMonths": 177.356,
        "sharesOutstanding": 1202950016,
        "bookValue": 619.996,
        "fiftyDayAverage": 1355.3529,
        "fiftyDayAverageChange": 23.79712,
        "fiftyDayAverageChangePercent": 0.017557876,
        "twoHundredDayAverage": 1043.7771,
        "twoHundredDayAverageChange": 335.37292,
        "twoHundredDayAverageChangePercent": 0.32130703,
        "marketCap": 1659048558592,
        "priceToBook": 2.2244499,
        "sourceInterval": 15,
        "exchangeDataDelayedBy": 15,
        "exchangeTimezoneName": "Asia/Kolkata",
        "exchangeTimezoneShortName": "IST",
        "gmtOffSetMilliseconds": 19800000,
        "esgPopulated": false,
        "tradeable": false,
        "firstTradeDateMilliseconds": 820467900000,
        "priceHint": 2,
        "totalCash": 140487705000,
        "floatShares": 763910000,
        "ebitda": 430187085824,
        "symbol": "TATASTEEL.NS"
      },
      24,
      :,
      {
        79 "items",
        "language": "en-US",
        "region": "US",
        "quoteType": "EQUITY",
        "quoteSourceName": "Free Realtime Quote",
        "triggerable": true,
        "quoteSummary": {
          1 "item",
          "earnings": {
            4 "items",
            "maxAge": 86400,
            "earningsChart": {
              4 "items",
              "quarterly": [
                4,
                "items",
                0,
                :,
                {
                  3 "items",
                  "date": "4Q2017",
                  "actual": 4.97,
                  "estimate": 5.47
                },
                1,
                :,
                {
                  3 "items",
                  "date": "1Q2018",
                  "actual": 3.18,
                  "estimate": 4.66
                },
                2,
                :,
                {
                  3 "items",
                  "date": "2Q2018",
                  "actual": 5.59,
                  "estimate": 4.89
                },
                3,
                :,
                {
                  3 "items",
                  "date": "3Q2018",
                  "actual": 4.67,
                  "estimate": 5.58
                }
              ],
              "currentQuarterEstimateDate": "4Q",
              "currentQuarterEstimateYear": 2018,
              "earningsDate": [
                1,
                "item",
                0,
                :,
                1635245940
              ]
            },
            "financialsChart": {
              2 "items",
              "yearly": [
                4,
                "items",
                0,
                :,
                {
                  3 "items",
                  "date": 2018,
                  "revenue": 151052600000,
                  "earnings": 14105300000
                },
                1,
                :,
                {
                  3 "items",
                  "date": 2019,
                  "revenue": 163232300000,
                  "earnings": 15277000000
                },
                2,
                :,
                {
                  3 "items",
                  "date": 2020,
                  "revenue": 170805300000,
                  "earnings": 15465200000
                },
                3,
                :,
                {
                  3 "items",
                  "date": 2021,
                  "revenue": 191219000000,
                  "earnings": 24048700000
                }
              ],
              "quarterly": [
                4,
                "items",
                0,
                :,
                {
                  3 "items",
                  "date": "3Q2020",
                  "revenue": 50382900000,
                  "earnings": 6654300000
                },
                1,
                :,
                {
                  3 "items",
                  "date": "4Q2020",
                  "revenue": 51686900000,
                  "earnings": 7481500000
                },
                2,
                :,
                {
                  3 "items",
                  "date": "1Q2021",
                  "revenue": 45687600000,
                  "earnings": 4133800000
                },
                3,
                :,
                {
                  3 "items",
                  "date": "2Q2021",
                  "revenue": 55043500000,
                  "earnings": 7147200000
                }
              ]
            },
            "financialCurrency": "INR"
          }
        },
        "currency": "INR",
        "components": [
          1,
          "item",
          0,
          :,
          "NIFTY50.NS"
        ],
        "heldPercentInsiders": 38.736,
        "heldPercentInstitutions": 30.398,
        "regularMarketChange": 0.35003662,
        "regularMarketChangePercent": 0.038355976,
        "regularMarketTime": 1629964976,
        "regularMarketPrice": 912.95,
        "regularMarketDayHigh": 916.75,
        "regularMarketDayRange": "906.3 - 916.75",
        "regularMarketDayLow": 906.3,
        "regularMarketVolume": 877695,
        "regularMarketPreviousClose": 912.6,
        "bid": 912.8,
        "ask": 912.75,
        "bidSize": 0,
        "askSize": 0,
        "exchange": "NSI",
        "market": "in_market",
        "messageBoardId": "finmb_882504",
        "fullExchangeName": "NSE",
        "shortName": "CIPLA LTD",
        "longName": "Cipla Limited",
        "regularMarketOpen": 912.6,
        "averageDailyVolume3Month": 2780153,
        "averageDailyVolume10Day": 2511522,
        "beta": 0.452696,
        "fiftyTwoWeekLowChange": 208.54999,
        "fiftyTwoWeekLowChangePercent": 0.29606754,
        "fiftyTwoWeekRange": "704.4 - 997.0",
        "fiftyTwoWeekHighChange": -84.04999,
        "fiftyTwoWeekHighChangePercent": -0.084302895,
        "fiftyTwoWeekLow": 704.4,
        "fiftyTwoWeekHigh": 997,
        "exDividendDate": 1628467200,
        "earningsTimestamp": 1635245940,
        "earningsTimestampStart": 1635245940,
        "earningsTimestampEnd": 1635245940,
        "trailingAnnualDividendRate": 5,
        "trailingPE": 29.000954,
        "dividendsPerShare": 0,
        "dividendRate": 5,
        "trailingAnnualDividendYield": 0.005478852,
        "dividendYield": 0.54,
        "revenue": 202800906000,
        "priceToSales": 3.6313055,
        "marketState": "REGULAR",
        "epsTrailingTwelveMonths": 31.48,
        "epsForward": 24.79,
        "sharesOutstanding": 806651008,
        "bookValue": 227.246,
        "fiftyDayAverage": 930.6214,
        "fiftyDayAverageChange": -17.671387,
        "fiftyDayAverageChangePercent": -0.018988803,
        "twoHundredDayAverage": 894.31726,
        "twoHundredDayAverageChange": 18.632751,
        "twoHundredDayAverageChangePercent": 0.02083461,
        "marketCap": 736432029696,
        "forwardPE": 36.82735,
        "priceToBook": 4.0174522,
        "sourceInterval": 15,
        "exchangeDataDelayedBy": 15,
        "exchangeTimezoneName": "Asia/Kolkata",
        "exchangeTimezoneShortName": "IST",
        "gmtOffSetMilliseconds": 19800000,
        "esgPopulated": false,
        "tradeable": false,
        "firstTradeDateMilliseconds": 820467900000,
        "priceHint": 2,
        "totalCash": 37500199000,
        "floatShares": 505962011,
        "ebitda": 44245450752,
        "symbol": "CIPLA.NS"
      },
      25,
      :,
      {
        74 "items",
        "language": "en-US",
        "region": "US",
        "quoteType": "EQUITY",
        "quoteSourceName": "Free Realtime Quote",
        "triggerable": true,
        "quoteSummary": {
          1 "item",
          "errorResult": {
            2 "items",
            "code": "Not Found",
            "description": "No fundamentals data found for any of the summaryTypes=earnings"
          }
        },
        "currency": "INR",
        "components": [
          1,
          "item",
          0,
          :,
          "NIFTY50.NS"
        ],
        "heldPercentInsiders": 41.158,
        "heldPercentInstitutions": 36.752,
        "regularMarketChange": -6.0500183,
        "regularMarketChangePercent": -1.4046943,
        "regularMarketTime": 1629964978,
        "regularMarketPrice": 424.65,
        "regularMarketDayHigh": 432.3,
        "regularMarketDayRange": "422.35 - 432.3",
        "regularMarketDayLow": 422.35,
        "regularMarketVolume": 4934044,
        "regularMarketPreviousClose": 430.7,
        "bid": 424.5,
        "ask": 424.75,
        "bidSize": 0,
        "askSize": 0,
        "exchange": "NSI",
        "market": "in_market",
        "messageBoardId": "finmb_878428",
        "fullExchangeName": "NSE",
        "shortName": "HINDALCO INDS",
        "longName": "Hindalco Industries Limited",
        "regularMarketOpen": 431.5,
        "averageDailyVolume3Month": 12269611,
        "averageDailyVolume10Day": 13862409,
        "beta": 1.293103,
        "fiftyTwoWeekLowChange": 270.25,
        "fiftyTwoWeekLowChangePercent": 1.7503239,
        "fiftyTwoWeekRange": "154.4 - 474.0",
        "fiftyTwoWeekHighChange": -49.350006,
        "fiftyTwoWeekHighChangePercent": -0.10411394,
        "fiftyTwoWeekLow": 154.4,
        "fiftyTwoWeekHigh": 474,
        "exDividendDate": 1628726400,
        "trailingAnnualDividendRate": 3,
        "trailingPE": 13.547183,
        "dividendsPerShare": 1,
        "dividendRate": 3,
        "trailingAnnualDividendYield": 0.006965405,
        "dividendYield": 0.71,
        "revenue": 1480600060000,
        "priceToSales": 0.6397541,
        "marketState": "REGULAR",
        "epsTrailingTwelveMonths": 31.346,
        "sharesOutstanding": 2230589952,
        "bookValue": 299.086,
        "fiftyDayAverage": 416.98715,
        "fiftyDayAverageChange": 7.662842,
        "fiftyDayAverageChangePercent": 0.018376686,
        "twoHundredDayAverage": 372.42886,
        "twoHundredDayAverageChange": 52.22113,
        "twoHundredDayAverageChangePercent": 0.14021774,
        "marketCap": 947219988480,
        "priceToBook": 1.4198257,
        "sourceInterval": 15,
        "exchangeDataDelayedBy": 15,
        "exchangeTimezoneName": "Asia/Kolkata",
        "exchangeTimezoneShortName": "IST",
        "gmtOffSetMilliseconds": 19800000,
        "esgPopulated": false,
        "tradeable": false,
        "firstTradeDateMilliseconds": 820467900000,
        "priceHint": 2,
        "totalCash": 182350004000,
        "floatShares": 1377882028,
        "ebitda": 220369993728,
        "symbol": "HINDALCO.NS"
      }
    ],
    "error": "NULL"
  }
}